@article{decade,
  title={DECADE: A Deep Metric Learning Model for Multivariate Time Series},
  author={Che, Zhengping and He, Xinran and Xu, Ke and Liu, Yan},
  year={2017}
}
@inproceedings{efficientShapelets,
  title={Efficient learning of timeseries shapelets},
  author={Hou, Lu and Kwok, James T and Zurada, Jacek M},
  booktitle={Thirtieth AAAI Conference on Artificial Intelligence},
  year={2016}
}
@article{multimodalMetric,
  title={Multi-modal and multi-scale temporal metric learning for a robust time series nearest neighbors classification},
  author={Do, Cao-Tri and Douzal-Chouakria, Ahlame and Mari{\'e}, Sylvain and Rombaut, Mich{\`e}le and Varasteh, Saeed},
  journal={Information Sciences},
  volume={418},
  pages={272--285},
  year={2017},
  publisher={Elsevier}
}
@article{boss,
  title={The BOSS is concerned with time series classification in the presence of noise},
  author={Sch{\"a}fer, Patrick},
  journal={Data Mining and Knowledge Discovery},
  volume={29},
  number={6},
  pages={1505--1530},
  year={2015},
  publisher={Springer}
}
@article{cote,
  title={Time-series classification with COTE: the collective of transformation-based ensembles},
  author={Bagnall, Anthony and Lines, Jason and Hills, Jon and Bostrom, Aaron},
  journal={IEEE Transactions on Knowledge and Data Engineering},
  volume={27},
  number={9},
  pages={2522--2535},
  year={2015},
  publisher={IEEE}
}
@article{bakeoff2016,
  title={The great time series classification bake off: An experimental evaluation of recently proposed algorithms. extended version},
  author={Bagnall, Anthony and Bostrom, Aaron and Large, James and Lines, Jason},
  journal={arXiv preprint arXiv:1602.01711},
  year={2016}
}
@inproceedings{learningShapelets,
  title={Learning time-series shapelets},
  author={Grabocka, Josif and Schilling, Nicolas and Wistuba, Martin and Schmidt-Thieme, Lars},
  booktitle={Proceedings of the 20th ACM SIGKDD international conference on Knowledge discovery and data mining},
  pages={392--401},
  year={2014},
  organization={ACM}
}
@inproceedings{shapeletTransform,
  title={A shapelet transform for time series classification},
  author={Lines, Jason and Davis, Luke M and Hills, Jon and Bagnall, Anthony},
  booktitle={Proceedings of the 18th ACM SIGKDD international conference on Knowledge discovery and data mining},
  pages={289--297},
  year={2012},
  organization={ACM}
}
@inproceedings{extract,
  title={EXTRACT: Strong Examples from Weakly-Labeled Sensor Data},
  author={Blalock, Davis W and Guttag, John V},
  booktitle={Data Mining (ICDM), 2016 IEEE 16th International Conference on},
  pages={799--804},
  year={2016},
  organization={IEEE}
}
@article{marzyehStateSpace,
  title={Predicting intervention onset in the ICU with switching state space models},
  author={Ghassemi, Marzyeh and Wu, Mike and Hughes, Michael C and Szolovits, Peter and Doshi-Velez, Finale},
  journal={AMIA Summits on Translational Science Proceedings},
  volume={2017},
  pages={82},
  year={2017},
  publisher={American Medical Informatics Association}
}
@inproceedings{marzyehVoice,
  title={Uncovering voice misuse using symbolic mismatch},
  author={Ghassemi, Marzyeh and Syed, Zeeshan and Mehta, Daryush and Van Stan, Jarrad and Hillman, Robert and Guttag, John},
  booktitle={Machine Learning for Healthcare Conference},
  pages={239--252},
  year={2016}
}

@article{metricTS,
  title={Learning a Mahalanobis distance-based dynamic time warping measure for multivariate time series classification},
  author={Mei, Jiangyuan and Liu, Meizhu and Wang, Yuan-Fang and Gao, Huijun},
  journal={IEEE transactions on Cybernetics},
  volume={46},
  number={6},
  pages={1363--1374},
  year={2016},
  publisher={IEEE}
}
@article{siameseRecurrent,
  title={Modeling time series similarity with Siamese recurrent networks},
  author={Pei, Wenjie and Tax, David MJ and van der Maaten, Laurens},
  journal={arXiv preprint arXiv:1603.04713},
  year={2016}
}

@article{TICC, 
	title={Toeplitz Inverse Covariance-Based Clustering of Multivariate Time Series Data},
    author={Hallac, David, et al.},
    journal={arXiv preprint arXiv:1706.03161},
    year={2017}
}

@inproceedings{multiDTW,
  title={On the non-trivial generalization of dynamic time warping to the multi-dimensional case},
  author={Shokoohi-Yekta, Mohammad and Wang, Jun and Keogh, Eamonn},
  booktitle={Proceedings of the 2015 SIAM International Conference on Data Mining},
  pages={289--297},
  year={2015},
  organization={SIAM}
}
@inproceedings{trackRecord,
  title={Classification of multi-dimensional streaming time series by weighting each classifier's track record},
  author={Hu, Bing and Chen, Yanping and Zakaria, Jesin and Ulanova, Liudmila and Keogh, Eamonn},
  booktitle={Data Mining (ICDM), 2013 IEEE 13th International Conference on},
  pages={281--290},
  year={2013},
  organization={IEEE}
}
@inproceedings{dataDicts,
  title={Time series classification under more realistic assumptions},
  author={Hu, Bing and Chen, Yanping and Keogh, Eamonn},
  booktitle={Proceedings of the 2013 SIAM International Conference on Data Mining},
  pages={578--586},
  year={2013},
  organization={SIAM}
}
@inproceedings{epenthesis,
  title={Time series epenthesis: Clustering time series streams requires ignoring some data},
  author={Rakthanmanon, Thanawin and Keogh, Eamonn J and Lonardi, Stefano and Evans, Scott},
  booktitle={Data Mining (ICDM), 2011 IEEE 11th International Conference on},
  pages={547--556},
  year={2011},
  organization={IEEE}
}
@inproceedings{everythingWrongDTW,
  title={Everything you know about dynamic time warping is wrong},
  author={Ratanamahatana, Chotirat Ann and Keogh, Eamonn},
  booktitle={Third Workshop on Mining Temporal and Sequential Data},
  pages={22--25},
  year={2004},
  organization={Citeseer}
}
@inproceedings{sax,
  title={A symbolic representation of time series, with implications for streaming algorithms},
  author={Lin, Jessica and Keogh, Eamonn and Lonardi, Stefano and Chiu, Bill},
  booktitle={Proceedings of the 8th ACM SIGMOD workshop on Research issues in data mining and knowledge discovery},
  pages={2--11},
  year={2003},
  organization={ACM}
}
@inproceedings{saxVSM,
  title={Sax-vsm: Interpretable time series classification using sax and vector space model},
  author={Senin, Pavel and Malinchik, Sergey},
  booktitle={Data Mining (ICDM), 2013 IEEE 13th International Conference on},
  pages={1175--1180},
  year={2013},
  organization={IEEE}
}
@inproceedings{shotgunDistance,
  title={Towards time series classification without human preprocessing},
  author={Sch{\"a}fer, Patrick},
  booktitle={International Workshop on Machine Learning and Data Mining in Pattern Recognition},
  pages={228--242},
  year={2014},
  organization={Springer}
}
@article{tsBakeoff2008,
  title={Querying and mining of time series data: experimental comparison of representations and distance measures},
  author={Ding, Hui and Trajcevski, Goce and Scheuermann, Peter and Wang, Xiaoyue and Keogh, Eamonn},
  journal={Proceedings of the VLDB Endowment},
  volume={1},
  number={2},
  pages={1542--1552},
  year={2008},
  publisher={VLDB Endowment}
}
@article{dtw,
  title={Dynamic programming algorithm optimization for spoken word recognition},
  author={Sakoe, Hiroaki and Chiba, Seibi},
  journal={IEEE transactions on acoustics, speech, and signal processing},
  volume={26},
  number={1},
  pages={43--49},
  year={1978},
  publisher={IEEE}
}
@inproceedings{ucrSuite,
  title={Searching and mining trillions of time series subsequences under dynamic time warping},
  author={Rakthanmanon, Thanawin and Campana, Bilson and Mueen, Abdullah and Batista, Gustavo and Westover, Brandon and Zhu, Qiang and Zakaria, Jesin and Keogh, Eamonn},
  booktitle={Proceedings of the 18th ACM SIGKDD international conference on Knowledge discovery and data mining},
  pages={262--270},
  year={2012},
  organization={ACM}
}
@inproceedings{originalUS,
  title={Efficiently finding arbitrarily scaled patterns in massive time series databases},
  author={Keogh, Eamonn},
  booktitle={European Conference on Principles of Data Mining and Knowledge Discovery},
  pages={253--265},
  year={2003},
  organization={Springer}
}
@article{swm,
  title={Scaling and time warping in time series querying},
  author={Fu, Ada Wai-Chee and Keogh, Eamonn and Lau, Leo Yung and Ratanamahatana, Chotirat Ann and Wong, Raymond Chi-Wing},
  journal={The VLDB Journalâ€”The International Journal on Very Large Data Bases},
  volume={17},
  number={4},
  pages={899--921},
  year={2008},
  publisher={Springer-Verlag New York, Inc.}
}
@inproceedings{cid,
  title={A complexity-invariant distance measure for time series},
  author={Batista, Gustavo EAPA and Wang, Xiaoyue and Keogh, Eamonn J},
  booktitle={Proceedings of the 2011 SIAM International Conference on Data Mining},
  pages={699--710},
  year={2011},
  organization={SIAM}
}
@inproceedings{gak,
  title={Fast global alignment kernels},
  author={Cuturi, Marco},
  booktitle={Proceedings of the 28th international conference on machine learning (ICML-11)},
  pages={929--936},
  year={2011}
}
@inproceedings{nontrivial,
  title={On the non-trivial generalization of dynamic time warping to the multi-dimensional case},
  author={Shokoohi-Yekta, Mohammad and Wang, Jun and Keogh, Eamonn},
  booktitle={Proceedings of the 2015 SIAM International Conference on Data Mining},
  pages={289--297},
  year={2015},
  organization={SIAM}
}
@article{weightedDTW,
  title={Weighted time warping for temporal segmentation of multi-parameter physiological signals},
  author={Ganeshapillai, Gartheeban and Guttag, John V},
  year={2011},
  publisher={Biosignals}
}
@inproceedings{isax2,
  title={iSAX 2.0: Indexing and mining one billion time series},
  author={Camerra, Alessandro and Palpanas, Themis and Shieh, Jin and Keogh, Eamonn},
  booktitle={Data Mining (ICDM), 2010 IEEE 10th International Conference on},
  pages={58--67},
  year={2010},
  organization={IEEE}
}
@article{apca,
  title={Locally adaptive dimensionality reduction for indexing large time series databases},
  author={Keogh, Eamonn and Chakrabarti, Kaushik and Pazzani, Michael and Mehrotra, Sharad},
  journal={ACM Sigmod Record},
  volume={30},
  number={2},
  pages={151--162},
  year={2001},
  publisher={ACM}
}
@article{paa,
  title={Dimensionality reduction for fast similarity search in large time series databases},
  author={Keogh, Eamonn and Chakrabarti, Kaushik and Pazzani, Michael and Mehrotra, Sharad},
  journal={Knowledge and information Systems},
  volume={3},
  number={3},
  pages={263--286},
  year={2001},
  publisher={Springer}
}

@inproceedings{speechNetsOverview,
  title={New types of deep neural network learning for speech recognition and related applications: An overview},
  author={Deng, Li and Hinton, Geoffrey and Kingsbury, Brian},
  booktitle={Acoustics, Speech and Signal Processing (ICASSP), 2013 IEEE International Conference on},
  pages={8599--8603},
  year={2013},
  organization={IEEE}
}
@article{mddtw,
  title={Learning a mahalanobis distance-based dynamic time warping measure for multivariate time series classification},
  author={Mei, Jiangyuan and Liu, Meizhu and Wang, Yuan-Fang and Gao, Huijun},
  journal={IEEE transactions on Cybernetics},
  volume={46},
  number={6},
  pages={1363--1374},
  year={2016},
  publisher={IEEE}
}

@inproceedings{motifExact,
  title={Exact discovery of time series motifs},
  author={Mueen, Abdullah and Keogh, Eamonn and Zhu, Qiang and Cash, Sydney and Westover, Brandon},
  booktitle={Proceedings of the 2009 SIAM International Conference on Data Mining},
  pages={473--484},
  year={2009},
  organization={SIAM}
}

@inproceedings{tsDiscord,
  title={Hot sax: Efficiently finding the most unusual time series subsequence},
  author={Keogh, Eamonn and Lin, Jessica and Fu, Ada},
  booktitle={Data mining, fifth IEEE international conference on},
  pages={8--pp},
  year={2005},
  organization={Ieee}
}
@inproceedings{fastShapelet,
  title={Fast shapelets: A scalable algorithm for discovering time series shapelets},
  author={Rakthanmanon, Thanawin and Keogh, Eamonn},
  booktitle={Proceedings of the 2013 SIAM International Conference on Data Mining},
  pages={668--676},
  year={2013},
  organization={SIAM}
}
@inproceedings{shapelets,
  title={Time series shapelets: a new primitive for data mining},
  author={Ye, Lexiang and Keogh, Eamonn},
  booktitle={Proceedings of the 15th ACM SIGKDD international conference on Knowledge discovery and data mining},
  pages={947--956},
  year={2009},
  organization={ACM}
}

@article{dropout,
  title={Dropout: a simple way to prevent neural networks from overfitting.},
  author={Srivastava, Nitish and Hinton, Geoffrey E and Krizhevsky, Alex and Sutskever, Ilya and Salakhutdinov, Ruslan},
  journal={Journal of machine learning research},
  volume={15},
  number={1},
  pages={1929--1958},
  year={2014}
}
@inproceedings{tripletMetric,
  title={Deep metric learning using triplet network},
  author={Hoffer, Elad and Ailon, Nir},
  booktitle={International Workshop on Similarity-Based Pattern Recognition},
  pages={84--92},
  year={2015},
  organization={Springer}
}
@inproceedings{siameseOrig,
  title={Signature verification using a "siamese" time delay neural network},
  author={Bromley, Jane and Guyon, Isabelle and LeCun, Yann and S{\"a}ckinger, Eduard and Shah, Roopak},
  booktitle={Advances in Neural Information Processing Systems},
  pages={737--744},
  year={1994}
}
@article{weasel,
  title={Fast and Accurate Time Series Classification with WEASEL},
  author={Sch{\"a}fer, Patrick and Leser, Ulf},
  journal={arXiv preprint arXiv:1701.07681},
  year={2017}
}


@misc{ucrArchive,
title={The UCR Time Series Classification Archive},
author={ Chen, Yanping and Keogh, Eamonn and Hu, Bing and Begum, Nurjahan and Bagnall, Anthony and Mueen, Abdullah and Batista, Gustavo},
year={2015},
month={July},
note={\url{www.cs.ucr.edu/~eamonn/time_series_data/}}
}
@article{eegDataset,
  title={Statistical mechanics of neocortical interactions: Training and testing canonical momenta indicators of EEG},
  author={Ingber, Lester},
  journal={Mathematical and computer modelling},
  volume={27},
  number={3},
  pages={33--64},
  year={1998},
  publisher={Elsevier}
}
@misc{uciDatasets,
  author={M. Lichman},
  year={2013"},
  title={UCI Machine Learning Repository},
  url={http://archive.ics.uci.edu/ml},
  institution = "University of California, Irvine, School of Information and Computer Sciences"
}
@inproceedings{icuDatasetKale,
  title={An examination of multivariate time series hashing with applications to health care},
  author={Kale, David C and Gong, Dian and Che, Zhengping and Liu, Yan and Medioni, Gerard and Wetzel, Randall and Ross, Patrick},
  booktitle={Data Mining (ICDM), 2014 IEEE International Conference on},
  pages={260--269},
  year={2014},
  organization={IEEE}
}
@article{physiobank,
  title={Physiobank, physiotoolkit, and physionet},
  author={Goldberger, Ary L and Amaral, Luis AN and Glass, Leon and Hausdorff, Jeffrey M and Ivanov, Plamen Ch and Mark, Roger G and Mietus, Joseph E and Moody, George B and Peng, Chung-Kang and Stanley, H Eugene},
  journal={Circulation},
  volume={101},
  number={23},
  pages={e215--e220},
  year={2000},
  publisher={American Heart Association}
}
@article{cdDiagrams,
  title={Statistical comparisons of classifiers over multiple data sets},
  author={Demsar, Janez},
  journal={Journal of Machine learning research},
  volume={7},
  number={Jan},
  pages={1--30},
  year={2006}
}
@article{lemireMax,
  title={Streaming maximum-minimum filter using no more than three comparisons per element},
  author={Lemire, Daniel},
  journal={arXiv preprint cs/0610046},
  year={2006}
}
@inproceedings{bolt,
  title={Bolt: Accelerated Data Mining with Fast Vector Compression},
  author={Blalock, Davis W and Guttag, John V},
  booktitle={Proceedings of the 23rd ACM SIGKDD International Conference on Knowledge Discovery and Data Mining},
  pages={727--735},
  year={2017},
  organization={ACM}
}
@article{adam,
  title={Adam: A method for stochastic optimization},
  author={Kingma, Diederik and Ba, Jimmy},
  journal={arXiv preprint arXiv:1412.6980},
  year={2014}
}
@inproceedings{dtwClustering,
  title={Accelerating dynamic time warping clustering with a novel admissible pruning strategy},
  author={Begum, Nurjahan and Ulanova, Liudmila and Wang, Jun and Keogh, Eamonn},
  booktitle={Proceedings of the 21th ACM SIGKDD International Conference on Knowledge Discovery and Data Mining},
  pages={49--58},
  year={2015},
  organization={ACM}
}
@inproceedings{dtwClusteringWarp,
  title={Semi-Supervision Dramatically Improves Time Series Clustering under Dynamic Time Warping},
  author={Dau, Hoang Anh and Begum, Nurjahan and Keogh, Eamonn},
  booktitle={Proceedings of the 25th ACM International on Conference on Information and Knowledge Management},
  pages={999--1008},
  year={2016},
  organization={ACM}
}
@inproceedings{deepLifted,
  title={Deep metric learning via lifted structured feature embedding},
  author={Oh Song, Hyun and Xiang, Yu and Jegelka, Stefanie and Savarese, Silvio},
  booktitle={Proceedings of the IEEE Conference on Computer Vision and Pattern Recognition},
  pages={4004--4012},
  year={2016}
}
@inproceedings{facenet,
  title={Facenet: A unified embedding for face recognition and clustering},
  author={Schroff, Florian and Kalenichenko, Dmitry and Philbin, James},
  booktitle={Proceedings of the IEEE Conference on Computer Vision and Pattern Recognition},
  pages={815--823},
  year={2015}
}
@inproceedings{neverEnding,
  title={Towards never-ending learning from time series streams},
  author={Hao, Yuan and Chen, Yanping and Zakaria, Jesin and Hu, Bing and Rakthanmanon, Thanawin and Keogh, Eamonn},
  booktitle={Proceedings of the 19th ACM SIGKDD international conference on Knowledge discovery and data mining},
  pages={874--882},
  year={2013},
  organization={ACM}
}

@inproceedings{taigman2014deepface,
  title={Deepface: Closing the gap to human-level performance in face verification},
  author={Taigman, Yaniv and Yang, Ming and Ranzato, Marc'Aurelio and Wolf, Lior},
  booktitle={Proceedings of the IEEE conference on computer vision and pattern recognition},
  pages={1701--1708},
  year={2014}
}

@inproceedings{ldps,
  title={Learning DTW-Preserving Shapelets},
  author={Arnaud, Lods and Malinowski, Simon and Tavenard, Romain and Amsaleg, Laurent},
  booktitle={Sixteenth International Symposium on Intelligent Data Analysis (IDA 2017)},
  year={2017},
  organization={Springer International Publishing}
}

@article{spiral,
  title={Similarity Preserving Representation Learning for Time Series Analysis},
  author={Lei, Qi and Yi, Jinfeng and Vaculin, Roman and Wu, Lingfei and Dhillon, Inderjit S},
  journal={arXiv preprint arXiv:1702.03584},
  year={2017}
}

@inproceedings{kshape,
  title={k-shape: Efficient and accurate clustering of time series},
  author={Paparrizos, John and Gravano, Luis},
  booktitle={Proceedings of the 2015 ACM SIGMOD International Conference on Management of Data},
  pages={1855--1870},
  year={2015},
  organization={ACM}
}

@inproceedings{ushapelets,
  title={Clustering time series using unsupervised-shapelets},
  author={Zakaria, Jesin and Mueen, Abdullah and Keogh, Eamonn},
  booktitle={Data Mining (ICDM), 2012 IEEE 12th International Conference on},
  pages={785--794},
  year={2012},
  organization={IEEE}
}

@article{hallac2017toeplitz,
  title={Toeplitz Inverse Covariance-Based Clustering of Multivariate Time Series Data},
  author={Hallac, David and Vare, Sagar and Boyd, Stephen and Leskovec, Jure},
  journal={arXiv preprint arXiv:1706.03161},
  year={2017}
}

@inproceedings{schroff2015facenet,
  title={Facenet: A unified embedding for face recognition and clustering},
  author={Schroff, Florian and Kalenichenko, Dmitry and Philbin, James},
  booktitle={Proceedings of the IEEE Conference on Computer Vision and Pattern Recognition},
  pages={815--823},
  year={2015}
}

@article{cui2016multi,
  title={Multi-scale convolutional neural networks for time series classification},
  author={Cui, Zhicheng and Chen, Wenlin and Chen, Yixin},
  journal={arXiv preprint arXiv:1603.06995},
  year={2016}
}

@article{sklearn,
  title={Scikit-learn: Machine learning in Python},
  author={Pedregosa, Fabian and Varoquaux, Ga{\"e}l and Gramfort, Alexandre and Michel, Vincent and Thirion, Bertrand and Grisel, Olivier and Blondel, Mathieu and Prettenhofer, Peter and Weiss, Ron and Dubourg, Vincent and others},
  journal={Journal of Machine Learning Research},
  volume={12},
  number={Oct},
  pages={2825--2830},
  year={2011}
}
@inproceedings{kmeans++,
  title={k-means++: The advantages of careful seeding},
  author={Arthur, David and Vassilvitskii, Sergei},
  booktitle={Proceedings of the eighteenth annual ACM-SIAM symposium on Discrete algorithms},
  pages={1027--1035},
  year={2007},
  organization={Society for Industrial and Applied Mathematics}
}
@inproceedings{dtwLearnedConstraints,
  title={Making time-series classification more accurate using learned constraints},
  author={Ratanamahatana, Chotirat Ann and Keogh, Eamonn},
  booktitle={Proceedings of the 2004 SIAM International Conference on Data Mining},
  pages={11--22},
  year={2004},
  organization={SIAM}
}
@article{structuredMats,
  title={Structured adaptive and random spinners for fast machine learning computations},
  author={Bojarski, Mariusz and Choromanska, Anna and Choromanski, Krzysztof and Fagan, Francois and Gouy-Pailler, Cedric and Morvan, Anne and Sakr, Nouri and Sarlos, Tamas and Atif, Jamal},
  journal={arXiv preprint arXiv:1610.06209},
  year={2016}
}
@inproceedings{xnornet,
  title={Xnor-net: Imagenet classification using binary convolutional neural networks},
  author={Rastegari, Mohammad and Ordonez, Vicente and Redmon, Joseph and Farhadi, Ali},
  booktitle={European Conference on Computer Vision},
  pages={525--542},
  year={2016},
  organization={Springer}
}